<!-- ---------------------------------------------------------------------->
<!--                                                                     -->
<!--  manual.bib          XModAlg documentation               Z. Arvasi  -->
<!--                                                        & A. Odabas  -->
<!--  version 1.12, 13/11/2015                                           --> 
<!--                                                                     --> 
<!--  Copyright (C) 2006-2015, Z. Arvasi & A. Odabas,                    --> 
<!--  Osmangazi University, Eskisehir, Turkey                            --> 
<!--                                                                     -->
<!-- ------------------------------------------------------------------- -->

@manual {alp3, 
author             = "M.~Alp and A.~Odabas and E.~O.~Uslu and C.~D.~Wensley", 
title              = "XMod: Crossed Modules and Cat1-groups in GAP", 
volume             = "2.44", 
year               = "2015", 
pages              = "1--62", 
url                = "http://pages.bangor.ac.uk/~mas023/chda/xmod/", 
} 


@article{alp2,
author             = "M.~Alp and C.~D.~Wensley",
title              = "Enumeration of cat1-groups of low order",
journal            = "Int. J. Algebra and Computation", 
volume             = "10",
pages              = "407--424", 
year               = "2000",
}

@article{arvasi_odabas,
author             = "Z.~Arvasi and A.~Odabas",
title              = "Computing 2-dimensional algebras: Crossed modules and Cat1-algebras",
journal            = "J. Algebra and Its Applications", 
volume             = "DOI",
pages              = "10.1142/S0219498816501851", 
year               = "2015",
}

@article{arvasi2,
author             = "Z.~Arvasi and T.~Porter",
title              = "Simplicial and Crossed Resolutions 
                      of Commutative Algebras",
journal            = "J. Algebra", 
volume             = "181",
pages              = "426--448", 
year               = "1996",
}

@article{arvasi3,
author             = "Z.~Arvasi and T.~Porter",
title              = "Freeness Conditions for 2-Crossed Modules 
                      of Commutative Algebras",
journal            = "Applied Categorical Structures", 
volume             = "6",
pages              = "455--471", 
year               = "1998",
}

@article{arvasi4,
author             = "Z.~Arvasi and U.~Ege",
title              = "Annihilators, multipliers and crossed modules",
journal            = "Applied Categorical Structures", 
volume             = "11",
pages              = "487--506", 
year               = "2003",
}

@incollection{brown1,
author             = "R.~Brown",
booktitle          = "Low Dimensional Topology", 
title              = "Higher Dimensional Group Theory,", 
series             = "London Math. Soc. Lecture Note Series", 
volume             = "48",
publisher          = "London Mathematical Society", 
year               = "1982", 
}

@article{brown2, 
author             = "R.~Brown",
title              = "From groups to groupoids: a brief survey",
journal            = "Bull. London Math. Soc.",
volume             = "19",   
pages              = "113--134",
year               = "1987",   
}

@article{ellis1, 
author             = "G.~J.~Ellis", 
title              = "Higher Dimensional Crossed Modules of Algebras", 
journal            = "J. Pure and Appl. Algebra",
volume             = "52",   
pages              = "277--282",
year               = "1988",   
}

@article{loday,
author             = "J.~L. Loday",
title              = "Spaces with finitely many non-trivial homotopy groups",
journal            = "J. App. Algebra", 
volume             = "24",
pages              = "179--202", 
year               = "1982",
}

@phdthesis{mosa,
author             = "G.~H.~Mosa",
title              = "Higher dimensional algebroids and crossed complexes",
type               = "Ph.{D}.~thesis", 
school             = "University of Wales, Bangor (U.K.)", 
year               = "1986",
}

@phdthesis{aodabas1,
author             = "A.~Odabas",
title              = "Crossed Modules of Algebras with GAP",
type               = "Ph.{D}.~thesis", 
year               = "2009",
school             = "Osmangazi University, Eskisehir",
}

@article{porter1,
author             = "T.~Porter",
title              = "Some categorical results in the theory 
                      of crossed modules in commutative algebras",
journal            = "J. Algebra", 
volume             = "109",
pages              = "415--429", 
year               = "1987",
}

@article{whitehead,
author             = "J.~H.~C.~Whitehead",
title              = "Combinatorial homotopy {I}{I}",
journal            = "Bull. Amer. Math. Soc.", 
volume             = "55",
pages              = "453--496", 
year               = "1949",
}
