



@manual{ GAP4,
  title =            {{GAP}  --  {G}roups,  {A}lgorithms, and {P}rogramming,
                      Version 4.7.5},
  organization =     {The GAP Group},
  year =             {2014},
  note =             {\href                      {http://www.gap-system.org}
                      {\texttt{http://www.gap-system.org}}},
  key =              {GAP},
  keywords =         {groups; *; gap; manual}
}
@misc{ normaliz,
  author =           {Bruns,   W.  and  Ichim,  B.  and  R{\"o}mer,  T.  and
                      S{\"o}ger, C.},
  title =            {{Normaliz}, a tool for computations in affine monoids,
                      vector configurations, lattice polytopes, and rational
                      cones, {V}ersion 2.11.2},
  year =             {2014},
  howpublished =     {\href
                      {http://www.home.uni-osnabrueck.de/wbruns/normaliz/}
                      {\texttt{http://www.home.uni-osnabrueck.de/}\discretionary
                      {}{}{}\texttt{wbruns/}\discretionary
                      {}{}{}\texttt{normaliz/}}},
  printedkey =       {BIRS14}
}
