



@article{ BM03,
  author =           {Bazzi, L. and Mitter, S. K.},
  title =            {Some constructions of codes from group actions},
  journal =          {preprint},
  year =             {March 2003 (submitted)},
  printedkey =       {BMd)}
}
@article{ GDT91,
  author =           {Gabidulin, E. and Davydov, A. and Tombak, L.},
  title =            {Linear  codes  with  covering  radius  2 and other new
                      covering codes},
  journal =          {IEEE Trans. Inform. Theory},
  volume =           {37},
  number =           {1},
  year =             {1991},
  pages =            {219{\textendash}224},
  printedkey =       {GDT91}
}
@article{ Gao03,
  author =           {Gao, S.},
  title =            {A new algorithm for decoding Reed-Solomon codes},
  journal =          {Communications,  Information  and Network Security (V.
                      Bhargava, H. V. Poor, V. Tarokh and S. Yoon, Eds.)},
  publisher =        {Kluwer Academic Publishers},
  year =             {2003},
  pages =            {55{\textendash}68},
  printedkey =       {Gao03}
}
@book{ GG03,
  author =           {von zur Gathen, J. and Gerhard, J.},
  title =            {Modern computer algebra},
  publisher =        {Cambridge Univ. Press},
  year =             {2003},
  printedkey =       {GG03}
}
@article{ GS85,
  author =           {Graham, R. and Sloane, N.},
  title =            {On the covering radius of codes},
  journal =          {IEEE Trans. Inform. Theory},
  volume =           {31},
  number =           {1},
  year =             {1985},
  pages =            {385{\textendash}401},
  printedkey =       {GS85}
}
@article{ Han99,
  author =           {Hansen, J. P.},
  title =            {Toric surfaces and error-correcting codes},
  journal =          {Coding  theory,  cryptography, and related areas (ed.,
                      Bachmann et al)},
  publisher =        {Springer-Verlag},
  year =             {1999},
  printedkey =       {Han99}
}
@article{ He72,
  author =           {Helgert, H. J.},
  title =            {Srivastava codes},
  journal =          {IEEE Trans. Inform. Theory},
  month =            {March},
  volume =           {18},
  year =             {1972},
  pages =            {292{\textendash}297},
  printedkey =       {Hel72}
}
@book{ HP03,
  author =           {Huffman, W. C. and Pless, V.},
  title =            {Fundamentals of error-correcting codes},
  publisher =        {Cambridge Univ. Press},
  year =             {2003},
  printedkey =       {HP03}
}
@article{ Jo04,
  author =           {Joyner, D.},
  title =            {Toric codes over finite fields},
  journal =          {Applicable  Algebra  in Engineering, Communication and
                      Computing},
  volume =           {15},
  year =             {2004},
  pages =            {63{\textendash}79},
  printedkey =       {Joy04}
}
@book{ JH04,
  author =           {Justesen, J. and Hoholdt, T.},
  title =            {A course in error-correcting codes},
  publisher =        {European Mathematical Society},
  year =             {2004},
  printedkey =       {JH04}
}
@article{ Leon82,
  author =           {Leon, J. S.},
  title =            {Computing   automorphism  groups  of  error-correcting
                      codes},
  journal =          {IEEE Trans. Inform. Theory},
  month =            {May},
  volume =           {28},
  year =             {1982},
  pages =            {496{\textendash}511},
  printedkey =       {Leo82}
}
@article{ Leon88,
  author =           {Leon, J. S.},
  title =            {A   probabilistic   algorithm  for  computing  minimum
                      weights of large error-correcting codes},
  journal =          {IEEE Trans. Inform. Theory},
  month =            {September},
  volume =           {34},
  year =             {1988},
  pages =            {1354{\textendash}1359},
  printedkey =       {Leo88}
}
@article{ Leon91,
  author =           {Leon, J. S.},
  title =            {Permutation group algorithms based on partitions, {I}:
                      theory and algorithms},
  journal =          {J. Symbolic Comput.},
  volume =           {12},
  year =             {1991},
  pages =            {533{\textendash}583},
  printedkey =       {Leo91}
}
@book{ MS83,
  author =           {MacWilliams, F. J. and Sloane, N. J. A.},
  title =            {The theory of error-correcting codes},
  publisher =        {Amsterdam: North-Holland},
  year =             {1983},
  printedkey =       {MS83}
}
@book{ St93,
  author =           {Stichtenoth, H.},
  title =            {Algebraic function fields and codes},
  publisher =        {Springer-Verlag},
  year =             {1993},
  printedkey =       {Sti93}
}
@misc{ Br,
  author =           {Brouwer, A. E.},
  title =            {Bounds on the minimum distance of linear codes},
  year =             {1997-2006},
  howpublished =     {\texttt{\symbol{92}}href\texttt{\symbol{123}}http://www.win.tue.nl/\texttt{\symbol{126}}aeb/voorlincod.html\texttt{\symbol{125}}\texttt{\symbol{123}}http://www.win.tue.nl/\texttt{\symbol{126}}aeb/voorlincod.html\texttt{\symbol{125}}},
  printedkey =       {Bro06}
}
@article{ HHKK07,
  author =           {Harada,  M.  and  Holzmann,  W. and Kharaghani, H. and
                      Khorvash, M.},
  title =            {Extremal  Ternary  Self-Dual  Codes  Constructed  from
                      Negacirculant Matrices},
  journal =          {Graphs and Combinatorics},
  volume =           {23},
  number =           {4},
  year =             {2007},
  pages =            {401{\textendash}417},
  printedkey =       {HHKK07}
}
@article{ Sloane72,
  author =           {Sloane, N. and Reddy, S. and Chen, C.},
  title =            {New binary codes},
  journal =          {IEEE Trans. Inform. Theory},
  month =            {Jul},
  volume =           {18},
  year =             {1972},
  pages =            {503{\textendash}510},
  printedkey =       {SRC72}
}
@article{ Alltop84,
  author =           {Alltop, W. O.},
  title =            {A method for extending binary linear codes},
  journal =          {IEEE Trans. Inform. Theory},
  volume =           {30},
  year =             {1984},
  pages =            {871{\textendash}872},
  printedkey =       {All84}
}
@incollection{ Brouwer98,
  author =           {Brouwer, A. E.},
  editor =           {Pless, V. S. and Huffman, W. C.},
  booktitle =        {Handbook of Coding Theory},
  title =            {Bounds on the Size of Linear Codes},
  publisher =        {\texttt{\symbol{123}}Elsevier,                   North
                      Holland\texttt{\symbol{125}}},
  year =             {1998},
  pages =            {295{\textendash}461},
  printedkey =       {Bro98}
}
@phdthesis{ Chen69,
  author =           {Chen, C. L.},
  title =            {Some     Results     on    Algebraically    Structured
                      Error-Correcting Codes},
  school =           {\texttt{\symbol{123}}University                     of
                      Hawaii\texttt{\symbol{125}}},
  address =          {USA},
  year =             {1969},
  printedkey =       {Che69},
  type =             {Ph.\texttt{\symbol{123}}D\texttt{\symbol{125}}
                      Dissertation}
}
@techreport{ Zimmermann96,
  author =           {Zimmermann, K. H.},
  title =            {Integral    Hecke    Modules,   Integral   Generalized
                      {Reed-Muller} Codes, and Linear Codes},
  institution =      {Technische Universit{\"a}t Hamburg-Harburg},
  number =           {3{\textendash}96},
  address =          {Hamburg, Germany},
  year =             {1996},
  printedkey =       {Zim96}
}
@article{ Gallager.1962,
  author =           {Gallager, R.},
  title =            {Low-Density Parity-Check Codes},
  journal =          {IRE Trans. Inform. Theory},
  month =            {Jan},
  volume =           {IT-8},
  year =             {1962},
  pages =            {21{\textendash}28},
  printedkey =       {Gal62}
}
@article{ TSSFC04,
  author =           {Tanner,  R.  and  Sridhara,  D.  and Sridharan, A. and
                      Fuja, T. and Costello Jr., D.},
  title =            {{LDPC}   Block   and   Convolutional  Codes  Based  on
                      Circulant Matrices},
  journal =          {IEEE Trans. Inform. Theory},
  month =            {Dec},
  volume =           {50},
  number =           {12},
  year =             {2004},
  pages =            {2966{\textendash}2984},
  printedkey =       {TSSFJ04}
}
