



@manual{ GAPDoc,
  author =           {L{\"u}beck, F. and Neunh{\"o}ffer, M.},
  title =            {{GAPDoc (Version 1.5.1)}},
  organization =     {RWTH Aachen},
  year =             {2012},
  note =             {GAP                   package,                   \href
                      {http://www.math.rwth-aachen.de/~Frank.Luebeck/GAPDoc/index.html}
                      {\texttt{http://www.math.rwth-aachen.de/}\discretionary
                      {}{}{}\texttt{\texttt{\symbol{126}}Frank.Luebeck/}\discretionary
                      {}{}{}\texttt{GAPDoc/}\discretionary
                      {}{}{}\texttt{index.html}}},
  printedkey =       {LN12}
}
@manual{ GitHubPagesForGAP,
  author =           {Horn, M.},
  title =            {{GitHubPagesForGAP  - Template for easily using GitHub
                      Pages within GAP packages (Version 0.1)}},
  year =             {2014},
  note =             {GAP                   package,                   \href
                      {https://github.com/fingolfin/GitHubPagesForGAP/}
                      {\texttt{https://github.com/}\discretionary
                      {}{}{}\texttt{fingolfin/}\discretionary
                      {}{}{}\texttt{GitHubPagesForGAP/}}},
  printedkey =       {Hor14}
}
@phdthesis{ A1,
  author =           {Alp, M.},
  title =            {GAP,  crossed  modules,  cat1-groups:  applications of
                      computational group theory},
  school =           {University of Wales, Bangor},
  year =             {1997},
  printedkey =       {Alp97},
  type =             {Ph.\texttt{\symbol{123}}D\texttt{\symbol{125}}.\texttt{\symbol{126}}thesis}
}
@article{ AW1,
  author =           {Alp, M. and Wensley, C. D.},
  title =            {Enumeration of cat1-groups of low order},
  journal =          {Int. J. Algebra and Computation},
  volume =           {10},
  year =             {2000},
  pages =            {407--424},
  printedkey =       {AW00}
}
@article{ AW2,
  author =           {Alp, M. and Wensley, C. D.},
  title =            {Automorphisms  and homotopies of groupoids and crossed
                      modules},
  journal =          {Applied Categorical Structures},
  volume =           {18},
  year =             {2010},
  pages =            {473-495},
  printedkey =       {AW10}
}
@inproceedings{ B82,
  author =           {Brown, R.},
  editor =           {Brown, R. and Thickstun, T. L.},
  booktitle =        {Low-dimensional topology},
  title =            {Higher-dimensional group theory},
  publisher =        {Cambridge University Press},
  series =           {London Math. Soc. Lecture Note Series},
  volume =           {48},
  year =             {1982},
  pages =            {215--238},
  printedkey =       {Bro82}
}
@article{ BH1,
  author =           {Brown, R. and Higgins, P. J.},
  title =            {On the connection between the second relative homotopy
                      group and some related spaces},
  journal =          {Proc. London Math. Soc.},
  volume =           {36},
  year =             {1978},
  pages =            {193--212},
  printedkey =       {BH78}
}
@book{ brow:hig:siv,
  author =           {Brown, R. and Higgins, P. J. and Sivera, R.},
  title =            {Nonabelian algrebraic topology},
  publisher =        {European Mathematical Society},
  series =           {Tracts in Mathematics},
  volume =           {15},
  year =             {2011},
  printedkey =       {BHS11}
}
@article{ brow:lod,
  author =           {Brown, R. and Loday, J. -.L.},
  title =            {Van Kampen theorems for diagram of spaces},
  journal =          {Topology},
  volume =           {26},
  year =             {1987},
  pages =            {311--335},
  printedkey =       {BL87}
}
@article{ BW1,
  author =           {Brown, R. and Wensley, C. D.},
  title =            {On  finite  induced  crossed modules, and the homotopy
                      $2$-type of mapping cones},
  journal =          {Theory and Applications of Categories},
  volume =           {1},
  year =             {1995},
  pages =            {54--71},
  printedkey =       {BW95}
}
@article{ BW2,
  author =           {Brown, R. and Wensley, C. D.},
  title =            {Computing crossed modules induced by an inclusion of a
                      normal   subgroup,   with   applications  to  homotopy
                      $2$-types},
  journal =          {Theory and Applications of Categories},
  volume =           {2},
  year =             {1996},
  pages =            {3--16},
  printedkey =       {BW96}
}
@article{ BW3,
  author =           {Brown, R. and Wensley, C. D.},
  title =            {Computation  and  homotopical  applications of induced
                      crossed modules},
  journal =          {J. Symbolic Computation},
  volume =           {35},
  year =             {2003},
  pages =            {59--72},
  printedkey =       {BW03}
}
@phdthesis{ E1,
  author =           {Ellis, G.},
  title =            {Crossed modules and their higher dimensional analogues},
  school =           {University of Wales, Bangor},
  year =             {1984},
  printedkey =       {Ell84},
  type =             {Ph.\texttt{\symbol{123}}D\texttt{\symbol{125}}.\texttt{\symbol{126}}thesis}
}
@article{ ell:st,
  author =           {Ellis, G. and Steiner, R.},
  title =            {Higher  dimensional  crossed  modules and the homotopy
                      groups of (n+1)-ads.},
  journal =          {J. Pure and Appl. Algebra},
  volume =           {46},
  year =             {1987},
  pages =            {117--136},
  printedkey =       {ES87}
}
@article{ G1,
  author =           {Gilbert, N. D.},
  title =            {Derivations, automorphisms and crossed modules},
  journal =          {Comm. in Algebra},
  volume =           {18},
  year =             {1990},
  pages =            {2703--2734},
  printedkey =       {Gil90}
}
@article{ IOU1,
  author =           {Ilgaz, E. and Odabas, A. and Uslu, E. O.},
  title =            {Isoclinism of crossed modules},
  journal =          {J. Symb. Comput.},
  volume =           {},
  year =             {2016},
  pages =            {1--17},
  note =             {http://dx.doi.org/10.1016/j.jsc.2015.08.006},
  printedkey =       {IOU16}
}
@article{ JNO,
  author =           {James, R. and Newman, M. F. and O'Brien, E. A.},
  title =            {The groups of order 128},
  journal =          {J. Algebra},
  volume =           {129},
  year =             {1990},
  pages =            {136--158},
  printedkey =       {JNO90}
}
@article{ L1,
  author =           {Loday, J. L.},
  title =            {Spaces with finitely many non-trivial homotopy groups},
  journal =          {J. App. Algebra},
  volume =           {24},
  year =             {1982},
  pages =            {179--202},
  printedkey =       {Lod82}
}
@phdthesis{ M1,
  author =           {Moore, E. J.},
  title =            {Graphs  of  Groups: Word Computations and Free Crossed
                      Resolutions},
  school =           {University of Wales, Bangor},
  year =             {2001},
  printedkey =       {Moo01},
  type =             {Ph.\texttt{\symbol{123}}D\texttt{\symbol{125}}.\texttt{\symbol{126}}thesis}
}
@phdthesis{ N2,
  author =           {Norrie, K. J.},
  title =            {Crossed modules and analogues of group theorems},
  school =           {King's College, University of London},
  year =             {1987},
  printedkey =       {Nor87},
  type =             {Ph.\texttt{\symbol{123}}D\texttt{\symbol{125}}.\texttt{\symbol{126}}thesis}
}
@article{ N1,
  author =           {Norrie, K. J.},
  title =            {Actions and automorphisms of crossed modules},
  journal =          {Bull. Soc. Math. France},
  volume =           {118},
  year =             {1990},
  pages =            {129--146},
  printedkey =       {Nor90}
}
@article{ W2,
  author =           {Whitehead, J. H. C.},
  title =            {On operators in relative homotopy groups},
  journal =          {Ann. of Math.},
  volume =           {49},
  year =             {1948},
  pages =            {610--640},
  printedkey =       {Whi48}
}
@article{ W1,
  author =           {Whitehead, J. H. C.},
  title =            {Combinatorial homotopy {I}{I}},
  journal =          {Bull. Amer. Math. Soc.},
  volume =           {55},
  year =             {1949},
  pages =            {453--496},
  printedkey =       {Whi49}
}
