<!-- ------------------------------------------------------------------- -->
<!--                                                                     -->
<!--  manual.bib            Utils documentation           Chris Wensley  -->
<!--                                                                     -->
<!--  version 0.11, 12/11/2015                                           --> 
<!--                                                                     --> 
<!--  Copyright (C) 2015, Chris Wensley et al,                           --> 
<!--  School of Computer Science, Bangor University, U.K.                --> 
<!--                                                                     -->
<!-- ------------------------------------------------------------------- -->

@phdthesis{A1,
author             = "M.~Alp",
title              = "GAP, crossed modules, cat1-groups:
                      applications of computational group theory",
type               = "Ph.{D}.~thesis", 
year               = "1997",
school             = "University of Wales, Bangor",
}

@article{AW1,
author             = "M.~Alp and C.~D.~Wensley",
title              = "Enumeration of cat1-groups of low order",
journal            = "Int. J. Algebra and Computation", 
volume             = "10",
pages              = "407--424", 
year               = "2000",
}

@inproceedings{B82,
author             = "R.~Brown",
title              = "Higher-dimensional group theory",
booktitle          = "Low-dimensional topology", 
series             = "London Math. Soc. Lecture Note Series", 
volume             = "48",
editor             = " R.~Brown and T.~L.~Thickstun",
publisher          = "Cambridge University Press", 
year               = "1982", 
pages              = "215--238",
}

@book{brow:hig:siv,
author             = "R.~Brown and P.~J.~Higgins and R.~Sivera",
title              = "Nonabelian algrebraic topology", 
series             = "Tracts in Mathematics", 
volume             = "15",
publisher          = "European Mathematical Society", 
year               = "2011", 
}
