



@manual{ AutoDoc,
  author =           {Gutsche, S. and Horn, M.},
  title =            {{AutoDoc - Generate documentation from GAP source code
                      (Version 2016.03.08)}},
  year =             {2016},
  note =             {GAP                   package,                   \href
                      {https://github.com/gap-packages/AutoDoc}
                      {\texttt{https://github.com/}\discretionary
                      {}{}{}\texttt{gap-packages/}\discretionary
                      {}{}{}\texttt{AutoDoc}}},
  printedkey =       {GH16}
}
@manual{ GAPDoc,
  author =           {L{\"u}beck, F. and Neunh{\"o}ffer, M.},
  title =            {{GAPDoc (Version 1.5.1)}},
  organization =     {RWTH Aachen},
  year =             {2012},
  note =             {GAP                   package,                   \href
                      {http://www.math.rwth-aachen.de/~Frank.Luebeck/GAPDoc/index.html}
                      {\texttt{http://www.math.rwth-aachen.de/}\discretionary
                      {}{}{}\texttt{\texttt{\symbol{126}}Frank.Luebeck/}\discretionary
                      {}{}{}\texttt{GAPDoc/}\discretionary
                      {}{}{}\texttt{index.html}}},
  printedkey =       {LN12}
}
@manual{ GitHubPagesForGAP,
  author =           {Horn, M.},
  title =            {{GitHubPagesForGAP  - Template for easily using GitHub
                      Pages within GAP packages (Version 0.1)}},
  year =             {2014},
  note =             {GAP                   package,                   \href
                      {https://github.com/fingolfin/GitHubPagesForGAP/}
                      {\texttt{https://github.com/}\discretionary
                      {}{}{}\texttt{fingolfin/}\discretionary
                      {}{}{}\texttt{GitHubPagesForGAP/}}},
  printedkey =       {Hor14}
}
@manual{ RCWA,
  author =           {Kohl, S.},
  title =            {{RCWA  -  Residue-Class-Wise  Affine  Groups  (Version
                      4.4.1)}},
  year =             {2016},
  note =             {GAP                   package,                   \href
                      {http://www.gap-system.org/DevelopersPages/StefanKohl/rcwa.html}
                      {\texttt{http://www.gap-system.org/}\discretionary
                      {}{}{}\texttt{DevelopersPages/}\discretionary
                      {}{}{}\texttt{StefanKohl/}\discretionary
                      {}{}{}\texttt{rcwa.html}}},
  printedkey =       {Koh16}
}
@manual{ ResClasses,
  author =           {Kohl, S.},
  title =            {{ResClasses  - Set-Theoretic Computations with Residue
                      Classes (Version 4.5.0)}},
  year =             {2016},
  note =             {GAP                   package,                   \href
                      {http://www.gap-system.org/DevelopersPages/StefanKohl/resclasses.html}
                      {\texttt{http://www.gap-system.org/}\discretionary
                      {}{}{}\texttt{DevelopersPages/}\discretionary
                      {}{}{}\texttt{StefanKohl/}\discretionary
                      {}{}{}\texttt{resclasses.html}}},
  printedkey =       {Koh16}
}
@manual{ XMod,
  author =           {Wensley, C. and Alp, M. and Odabas, A. and Uslu, E. O.},
  title =            {{XMod   -  Crossed  Modules  and  Cat1-groups  in  GAP
                      (Version 2.57)}},
  year =             {2016},
  note =             {GAP                   package,                   \href
                      {https://github.com/gap-packages/xmod}
                      {\texttt{https://github.com/}\discretionary
                      {}{}{}\texttt{gap-packages/}\discretionary
                      {}{}{}\texttt{xmod}}},
  printedkey =       {WAOU16}
}
